<<<<<<< HEAD
=======
@ARTICLE{Hurmuzlu1994-wk,
  title     = "Rigid Body Collisions of Planar Kinematic Chains With Multiple
               Contact Points",
  author    = "H{\"u}rm{\"u}zl{\"u}, Yildirim and Marghitu, D B",
  journal   = "The International journal of robotics research",
  publisher = "Sage Publications",
  volume    =  13,
  number    =  1,
  pages     = "82--92",
  year      =  1994,
  issn      = "0278-3649",
  doi       = "10.1177/027836499401300106"
}


>>>>>>> e8b75fdc00910c41d3755ccbd8b035c062596470
@ARTICLE{Baxter2001-ra,
  title   = "Experiments with infinite-horizon, policy-gradient estimation",
  author  = "Baxter, Jonathan and Bartlett, Peter L and Weaver, Lex",
  journal = "The journal of artificial intelligence research",
  volume  =  15,
  pages   = "351--381",
  year    =  2001,
  file    = "All Papers/B/Baxter et al. 2001 - Experiments with infinite-horizon, policy-gradient estimation.pdf",
  issn    = "1076-9757"
}

@ARTICLE{Baxter2001-ua,
  title     = "Infinite-horizon policy-gradient estimation",
  author    = "Baxter, Jonathan and Bartlett, Peter L",
  journal   = "The journal of artificial intelligence research",
  publisher = "jair.org",
  volume    =  15,
  pages     = "319--350",
  year      =  2001,
  file      = "All Papers/B/Baxter and Bartlett 2001 - Infinite-horizon policy-gradient estimation.pdf",
  issn      = "1076-9757"
}

@ARTICLE{Amari1999-xq,
  title       = "Natural gradient learning for over- and under-complete bases
                 In {ICA}",
  author      = "Amari, S",
  affiliation = "RIKEN Brain Science Institute, Wako-shi, Hirosawa, Saitama
                 351-01, Japan.",
  journal     = "Neural computation",
  publisher   = "MIT Press",
  volume      =  11,
  number      =  8,
  pages       = "1875--1883",
  month       =  "15~" # nov,
  year        =  1999,
  file        = "All Papers/A/Amari 1999 - Natural gradient learning for over- and under-complete bases In ICA.pdf",
  language    = "en",
  issn        = "0899-7667",
  pmid        = "10578035"
}

@ARTICLE{Peters2008-kz,
  title     = "Natural {Actor-Critic}",
  author    = "Peters, Jan and Schaal, Stefan",
  journal   = "Neurocomputing",
  publisher = "Elsevier",
  volume    =  71,
  number    =  7,
  pages     = "1180--1190",
  month     =  "1~" # mar,
  year      =  2008,
  file      = "All Papers/P/Peters and Schaal 2008 - Natural Actor-Critic.pdf",
  keywords  = "Policy-gradient methods; Compatible function approximation;
               Natural gradients; Actor-Critic methods; Reinforcement learning;
               Robot learning",
  issn      = "0925-2312",
  doi       = "10.1016/j.neucom.2007.11.026"
}

@INPROCEEDINGS{Peters2006-qo,
  title     = "Policy Gradient Methods for Robotics",
  booktitle = "2006 {IEEE/RSJ} International Conference on Intelligent Robots
               and Systems",
  author    = "Peters, J and Schaal, S",
  publisher = "ieeexplore.ieee.org",
  pages     = "2219--2225",
  month     =  oct,
  year      =  2006,
  file      = "All Papers/P/Peters and Schaal 2006 - Policy Gradient Methods for Robotics.pdf",
  keywords  = "gradient methods;humanoid robots;learning (artificial
               intelligence);legged locomotion;manipulators;anthropomorphic
               arm;humanoid robots;legged robots;manipulator;motor
               skills;policy gradient method;reinforcement
               learning;Anthropomorphism;Gradient methods;Humanoid
               robots;Intelligent robots;Learning;Optimal control;Orbital
               robotics;Probability distribution;Robot control;USA Councils",
  issn      = "2153-0858",
  doi       = "10.1109/IROS.2006.282564"
}

@ARTICLE{Mayne1973-gu,
  title     = "Differential Dynamic {Programming---A} Unified Approach to the
               Optimization of Dynamical Systems",
  author    = "Mayne, David Q",
  journal   = "Control and Dynamical Systems: Advances in Theory and
               Applications",
  publisher = "Academic Press New York, NY",
  volume    =  10,
  pages     = "179--254",
  year      =  1973,
}

@INPROCEEDINGS{Baxter2000-ty,
  title     = "Direct gradient-based reinforcement learning",
  booktitle = "2000 {IEEE} International Symposium on Circuits and Systems.
               Emerging Technologies for the 21st Century. Proceedings ({IEEE}
               Cat {No.00CH36353})",
  author    = "Baxter, J and Bartlett, P L",
  publisher = "ieeexplore.ieee.org",
  volume    =  3,
  pages     = "271--274 vol.3",
  year      =  2000,
  file      = "All Papers/B/Baxter and Bartlett 2000 - Direct gradient-based reinforcement learning.pdf",
  keywords  = "Markov processes;game theory;gradient methods;learning
               (artificial intelligence);probability;Markov chain;agent;direct
               gradient-based reinforcement learning;game-playing tasks;mixing
               time;partially observable Markov decision
               process;probability;reward function;sample path;time
               constant;Adaptive control;Approximation
               algorithms;Convergence;Discrete event
               systems;Equations;Learning;Probability distribution;Processor
               scheduling;State-space methods;Stochastic processes",
  doi       = "10.1109/ISCAS.2000.856049"
}

@ARTICLE{Amari1998-uz,
  title     = "Natural Gradient Works Efficiently in Learning",
  author    = "Amari, Shun-Ichi",
  journal   = "Neural computation",
  publisher = "MIT Press",
  volume    =  10,
  number    =  2,
  pages     = "251--276",
  month     =  "1~" # feb,
  year      =  1998,
  issn      = "0899-7667",
  doi       = "10.1162/089976698300017746"
}

@BOOK{Kojima1986-pv,
  title     = "Extensions of Newton and quasi-Newton methods to systems of {PC}
               1 equations",
  author    = "Kojima, Masakazu and Shindoh, Susumu",
  publisher = "Inst. of Technology, Department of Information Sciences",
  year      =  1986,
  file      = "All Papers/K/Kojima and Shindoh 1986 - Extensions of Newton and quasi-Newton methods to systems of PC 1 equations.pdf"
}

@ARTICLE{Chaney1988-zq,
  title     = "{Second-Order} Sufficient Conditions in Nonsmooth Optimization",
  author    = "Chaney, Robin W",
  journal   = "Mathematics of Operations Research",
  publisher = "INFORMS",
  volume    =  13,
  number    =  4,
  pages     = "660--673",
  month     =  "1~" # nov,
  year      =  1988,
  file      = "All Papers/C/Chaney 1988 - Second-Order Sufficient Conditions in Nonsmooth Optimization.pdf",
  issn      = "0364-765X",
  doi       = "10.1287/moor.13.4.660"
}

@ARTICLE{Rajeswaran2017-lu,
  title         = "Towards Generalization and Simplicity in Continuous Control",
  author        = "Rajeswaran, Aravind and Lowrey, Kendall and Todorov, Emanuel
                   and Kakade, Sham",
  month         =  "8~" # mar,
  year          =  2017,
  file          = "All Papers/R/Rajeswaran et al. 2017 - Towards Generalization and Simplicity in Continuous Control.pdf",
  archivePrefix = "arXiv",
  eprint        = "1703.02660",
  primaryClass  = "cs.LG",
  arxivid       = "1703.02660"
}

@ARTICLE{Brockman2016-wq,
  title         = "{OpenAI} Gym",
  author        = "Brockman, Greg and Cheung, Vicki and Pettersson, Ludwig and
                   Schneider, Jonas and Schulman, John and Tang, Jie and
                   Zaremba, Wojciech",
  month         =  "5~" # jun,
  year          =  2016,
  file          = "All Papers/B/Brockman et al. 2016 - OpenAI Gym.pdf",
  archivePrefix = "arXiv",
  eprint        = "1606.01540",
  primaryClass  = "cs.LG",
  arxivid       = "1606.01540"
}

@ARTICLE{Konda2003-av,
  title   = "{OnActor-Critic} Algorithms",
  author  = "Konda, Vijay R and Tsitsiklis, John N",
  journal = "SIAM Journal on Control and Optimization",
  volume  =  42,
  number  =  4,
  pages   = "1143--1166",
  month   =  jan,
  year    =  2003,
  file    = "All Papers/K/Konda and Tsitsiklis 2003 - OnActor-Critic Algorithms.pdf",
  issn    = "0363-0129, 1095-7138",
  doi     = "10.1137/S0363012901385691"
}

@BOOK{Lee2012-mb,
  title     = "Introduction to smooth manifolds",
  author    = "Lee, John M",
  publisher = "Springer",
  series    = "Graduate texts in mathematics",
  edition   = "2nd ed.",
  year      =  2012,
  address   = "New York ; London",
  keywords  = "Manifolds (Mathematics);Mathematics",
  isbn      = "9781441999825"
}

@INPROCEEDINGS{Tedrake2005-sv,
  title     = "Learning to walk in 20 minutes",
  booktitle = "Proceedings of the Fourteenth Yale Workshop on Adaptive and
               Learning Systems",
  author    = "Tedrake, Russ and Zhang, Teresa Weirui and Seung, H Sebastian",
  publisher = "people.eecs.berkeley.edu",
  volume    =  95585,
  pages     = "1939--1412",
  year      =  2005,
  file      = "All Papers/T/Tedrake et al. 2005 - Learning to walk in 20 minutes.pdf"
}

@ARTICLE{Benbrahim1997-ty,
  title     = "Biped dynamic walking using reinforcement learning",
  author    = "Benbrahim, Hamid and Franklin, Judy A",
  journal   = "Robotics and autonomous systems",
  publisher = "Elsevier",
  volume    =  22,
  number    = "3--4",
  pages     = "283--302",
  month     =  dec,
  year      =  1997,
  file      = "All Papers/B/Benbrahim and Franklin 1997 - Biped dynamic walking using reinforcement learning.pdf",
  keywords  = "Biped walking; Reinforcement learning; Robot learning; Biped
               robot; Legged robot",
  issn      = "0921-8890",
  doi       = "10.1016/S0921-8890(97)00043-2"
}

@ARTICLE{Doya2000-gk,
  title       = "Reinforcement learning in continuous time and space",
  author      = "Doya, K",
  affiliation = "ATR Human Information Processing Research Laboratories,
                 Soraku, Kyoto 619-0288, Japan.",
  journal     = "Neural computation",
  publisher   = "MIT Press",
  volume      =  12,
  number      =  1,
  pages       = "219--245",
  month       =  jan,
  year        =  2000,
  file        = "All Papers/D/Doya 2000 - Reinforcement learning in continuous time and space.pdf",
  language    = "en",
  issn        = "0899-7667",
  pmid        = "10636940"
}

@INPROCEEDINGS{Pace2017-ph,
  title     = "Decoupled limbs yield differentiable trajectory outcomes through
               intermittent contact in locomotion and manipulation",
  booktitle = "Proceedings of the {IEEE} International Conference on Robotics
               and Automation ({ICRA})",
  author    = "Pace, Andrew M and Burden, Samuel A",
  year      =  2017
}

@INPROCEEDINGS{Pace2017-tt,
  title     = "Piecewise--differentiable trajectory outcomes in mechanical
               systems subject to unilateral constraints",
  booktitle = "Proceedings of Hybrid Systems: Computation and Control ({HSCC})",
  author    = "Pace, Andrew M and Burden, Samuel A",
  year      =  2017
}

@BOOK{Polak1997-xd,
  title     = "Optimization: algorithms and consistent approximations",
  author    = "Polak, E",
  publisher = "Springer--Verlag",
  year      =  1997
}

@BOOK{Abraham1988-pg,
  title     = "Manifolds, tensor analysis, and applications",
  author    = "Abraham, R and Marsden, J E and Ratiu, T S",
  publisher = "Springer",
  volume    =  75,
  year      =  1988
}

@BOOK{Jech2003-wt,
  title     = "Set theory",
  author    = "Jech, T J",
  publisher = "Springer Verlag",
  year      =  2003
}

@ARTICLE{Alexander1984-ld,
  title   = "The Gaits of Bipedal and Quadrupedal Animals",
  author  = "Alexander, R M",
  journal = "The International journal of robotics research",
  volume  =  3,
  number  =  2,
  pages   = "49--59",
  year    =  1984,
  file    = "All Papers/A/Alexander 1984 - The Gaits of Bipedal and Quadrupedal Animals.pdf",
  issn    = "0278-3649",
  doi     = "10.1177/027836498400300205"
}

@INPROCEEDINGS{Erez2012-yo,
  title     = "Trajectory optimization for domains with contacts using inverse
               dynamics",
  booktitle = "{IEEE} International Conference on Intelligent Robots and
               Systems",
  author    = "Erez, T and Todorov, E",
  pages     = "4914--4919",
  month     =  oct,
  year      =  2012,
  keywords  = "Computational modeling;Dynamics;Heuristic algorithms;Legged
               locomotion;Optimal control;Optimization;Trajectory;humanoid
               robots;legged locomotion;optimisation;robot dynamics;trajectory
               control;31-dimensional simulated humanoid;arm synchronous
               motion;bipedal running;contact domain;direct trajectory
               optimization;inverse dynamics;nonsmooth dynamics;opposite
               leg;optimization process;running gait;smooth contact
               model;standard optimization tool;unconstrained continuous
               trajectory optimization problem;unilateral constraint;",
  issn      = "2153-0858",
  doi       = "10.1109/IROS.2012.6386181"
}

@ARTICLE{Remy2010-vo,
  title     = "Stability Analysis of Passive Dynamic Walking of Quadrupeds",
  author    = "Remy, C D and Buffinton, K and Siegwart, R",
  journal   = "The International journal of robotics research",
  publisher = "Sage Publications",
  volume    =  29,
  number    =  9,
  pages     = "1173--1185",
  year      =  2010,
  file      = "All Papers/R/Remy et al. 2010 - Stability Analysis of Passive Dynamic Walking of Quadrupeds.pdf",
  issn      = "0278-3649",
  doi       = "10.1177/0278364909344635"
}

@BOOK{Scholtes2012-la,
  title     = "Introduction to piecewise differentiable equations",
  author    = "Scholtes, Stefan",
  publisher = "Springer--Verlag",
  year      =  2012,
  file      = "All Papers/S/Scholtes 2012 - Introduction to piecewise differentiable equations.pdf;All Papers/S/Scholtes 2012 - Introduction to piecewise differentiable equations.pdf;All Papers/S/Scholtes 2012 - Introduction to piecewise differentiable equations.pdf;All Papers/S/Scholtes 2012 - Introduction to piecewise differentiable equations.pdf;All Papers/S/Scholtes 2012 - Introduction to piecewise differentiable equations.pdf;All Papers/S/Scholtes 2012 - Introduction to piecewise differentiable equations.pdf;All Papers/S/Scholtes 2012 - Introduction to piecewise differentiable equations.pdf",
  doi       = "10.1007/978-1-4614-4340-7"
}

@ARTICLE{Kuntz1994-qf,
  title     = "Structural Analysis of Nonsmooth Mappings, Inverse Functions,
               and Metric Projections",
  author    = "Kuntz, L and Scholtes, S",
  journal   = "Journal of mathematical analysis and applications",
  publisher = "Elsevier - Academic Press",
  volume    =  188,
  number    =  2,
  pages     = "346--386",
  year      =  1994,
  file      = "All Papers/K/Kuntz and Scholtes 1994 - Structural Analysis of Nonsmooth Mappings, Inverse Functions, and Metric Projections.pdf",
  issn      = "0022-247X",
  doi       = "10.1006/jmaa.1994.1431"
}

@ARTICLE{Robinson1991-xg,
  title     = "An {Implicit-Function} Theorem for a Class of Nonsmooth
               Functions",
  author    = "Robinson, Stephen M",
  journal   = "Mathematics of Operations Research",
  publisher = "INFORMS",
  volume    =  16,
  number    =  2,
  pages     = "292--309",
  year      =  1991,
  file      = "All Papers/R/Robinson 1991 - An Implicit-Function Theorem for a Class of Nonsmooth Functions.pdf",
  copyright = "Copyright \copyright{} 1991 INFORMS",
  language  = "English",
  issn      = "0364-765X"
}

@ARTICLE{Burden2015-ip,
  title    = "{Metrization and Simulation of Controlled Hybrid Systems}",
  author   = "Burden, Samuel A and Gonzalez, Humberto and Vasudevan,
              Ramanarayan and Bajcsy, Ruzena and Sastry, S Shankar",
  journal  = "IEEE transactions on automatic control",
  volume   =  60,
  number   =  9,
  pages    = "2307--2320",
  year     =  2015,
  file     = "All Papers/B/Burden et al. 2015 - Metrization and Simulation of Controlled Hybrid Systems.pdf",
  keywords = "sburden",
  issn     = "0018-9286",
  doi      = "10.1109/TAC.2015.2404231"
}

@ARTICLE{Aizerman1958-ih,
  title     = "Determination of Stability by Linear Approximation of a Periodic
               Solution of a System of Differential Equations with
               Discontinuous {Right--Hand} Sides",
  author    = "Aizerman, M A and Gantmacher, F R",
  journal   = "The Quarterly Journal of Mechanics and Applied Mathematics",
  publisher = "Oxford University Press",
  volume    =  11,
  number    =  4,
  pages     = "385--398",
  year      =  1958,
  issn      = "0033-5614",
  doi       = "10.1093/qjmam/11.4.385"
}

@ARTICLE{Ralph1997-yr,
  title     = "Sensitivity analysis of composite piecewise smooth equations",
  author    = "Ralph, Daniel and Scholtes, Stefan",
  journal   = "Mathematical Programming. A Publication of the Mathematical
               Programming Society",
  publisher = "Springer-Verlag",
  volume    =  76,
  number    =  3,
  pages     = "593--612",
  year      =  1997,
  keywords  = "Sensitivity; Composite; Nonsmooth; Piecewise affine; Piecewise
               smooth; Implicit function; Lipschitzian homeomorphism; Coherent
               orientation; Complementarity problem",
  issn      = "0025-5610",
  doi       = "10.1007/BF02614400"
}

@ARTICLE{Ballard2000-ui,
  title     = "The Dynamics of Discrete Mechanical Systems with Perfect
               Unilateral Constraints",
  author    = "Ballard, Patrick",
  journal   = "Archive for rational mechanics and analysis",
  publisher = "Springer-Verlag",
  volume    =  154,
  number    =  3,
  pages     = "199--274",
  year      =  2000,
  issn      = "0003-9527",
  doi       = "10.1007/s002050000105"
}

@ARTICLE{Johnson2013-ks,
  title    = "Legged {Self--Manipulation}",
  author   = "Johnson, A M and Koditschek, D E",
  journal  = "IEEE Access",
  volume   =  1,
  pages    = "310--334",
  year     =  2013,
  keywords = "differential algebraic equations;legged locomotion;manipulator
              dynamics;manipulator kinematics;RHex;body centric
              representation;coordinate frame;differential algebraic
              equation;equations of motion;formal design methodology;ground
              interaction variation;hybrid system dynamics;hybrid system
              kinematics;hybrid system transition;legged robot;legged
              self-manipulation model;structured
              representation;Kinematics;Legged locomotion;Mathematical
              model;Robot kinematics;Robot sensing systems;Legged
              locomotion;Manipulator dynamics;Robot control;Robot kinematics",
  issn     = "2169-3536",
  doi      = "10.1109/ACCESS.2013.2263192"
}

@MISC{Erez2015-fs,
  title        = "Simulation tools for model-based robotics: Comparison of
                  Bullet, Havok, {MuJoCo}, {ODE} and {PhysX}",
  author       = "Erez, T and Tassa, Y and Todorov, E",
  year         =  2015,
  howpublished = "ICRA preprint"
}

@INPROCEEDINGS{Todorov2011-ia,
  title     = "A convex, smooth and invertible contact model for trajectory
               optimization",
  booktitle = "{IEEE} {I}nternational {C}onference on {R}obotics and
               {A}utomation ({ICRA})",
  author    = "Todorov, E",
  pages     = "1071--1076",
  year      =  2011,
  keywords  = "computer graphics;convex programming;gait analysis;legged
               locomotion;optimisation;3D walking gait;contact
               smoothing;contact space;continuation method;convex optimization
               problem;custom interior-point method;forward
               dynamics;friction-cone constraints;inverse dynamics
               model;invertible contact model;kinetic energy;physics
               engine;trajectory optimization;Computational
               modeling;Dynamics;Force;Mathematical
               model;Optimization;Smoothing methods;Trajectory",
  issn      = "1050-4729",
  doi       = "10.1109/ICRA.2011.5979814"
}

@INCOLLECTION{Levine2014-im,
  title     = "Learning Neural Network Policies with Guided Policy Search under
               Unknown Dynamics",
  booktitle = "Advances in Neural Information Processing Systems 27",
  author    = "Levine, Sergey and Abbeel, Pieter",
  editor    = "Ghahramani, Z and Welling, M and Cortes, C and Lawrence, N D and
               Weinberger, K Q",
  publisher = "Curran Associates, Inc.",
  pages     = "1071--1079",
  year      =  2014,
  file      = "All Papers/L/Levine and Abbeel 2014 - Learning Neural Network Policies with Guided Policy Search under Unknown Dynamics.pdf"
}

@ARTICLE{Johnson2016-nh,
  title   = "A hybrid systems model for simple manipulation and
             self-manipulation systems",
  author  = "Johnson, A M and Burden, S A and Koditschek, D E",
  journal = "The International journal of robotics research",
  volume  =  35,
  number  =  11,
  pages   = "1354--1392",
  month   =  "1~" # sep,
  year    =  2016,
  file    = "All Papers/J/Johnson et al. 2016 - A hybrid systems model for simple manipulation and self-manipulation systems.pdf",
  issn    = "0278-3649, 1741-3176",
  doi     = "10.1177/0278364916639380"
}

@INPROCEEDINGS{Todorov2012-hz,
  title       = "{MuJoCo}: A physics engine for model-based control",
  booktitle   = "Intelligent Robots and Systems ({IROS)}, 2012 {IEEE/RSJ}
                 International Conference on",
  author      = "Todorov, Emanuel and Erez, Tom and Tassa, Yuval",
  pages       = "5026--5033",
  institution = "IEEE",
  year        =  2012
}

@ARTICLE{Peters2008-ci,
  title    = "Reinforcement learning of motor skills with policy gradients",
  author   = "Peters, Jan and Schaal, Stefan",
  journal  = "Neural networks: the official journal of the International Neural
              Network Society",
  volume   =  21,
  number   =  4,
  pages    = "682--697",
  year     =  2008,
  keywords = "Motor primitives",
  issn     = "0893-6080",
  doi      = "10.1016/j.neunet.2008.02.003"
}

@INPROCEEDINGS{Silver2014-lj,
  title     = "{Deterministic Policy Gradient Algorithms}",
  booktitle = "{ICML}",
  author    = "Silver, David and Lever, Guy and Heess, Nicolas and Degris,
               Thomas and Wierstra, Daan and Riedmiller, Martin",
  month     =  jun,
  year      =  2014,
  file      = "All Papers/S/Silver et al. 2014 - Deterministic Policy Gradient Algorithms.pdf",
  address   = "Beijing, China"
}

@ARTICLE{Sutton2000-ap,
  title   = "Policy gradient methods for reinforcement learning with function
             approximation",
  author  = "Sutton, R S and McAllester, D and Singh, S and Mansour, Y",
  journal = "Advances in neural information processing systems",
  volume  =  12,
  pages   = "1057--1063",
  year    =  2000,
  file    = "All Papers/S/Sutton et al. 2000 - Policy gradient methods for reinforcement learning with function approximation.pdf",
  issn    = "1049-5258"
}

@ARTICLE{Mordatch2012-ar,
  title     = "Discovery of Complex Behaviors Through Contact-invariant
               Optimization",
  author    = "Mordatch, Igor and Todorov, Emanuel and Popovi{\'c}, Zoran",
  journal   = "ACM transactions on graphics",
  publisher = "ACM",
  volume    =  31,
  number    =  4,
  pages     = "43:1--43:8",
  month     =  jul,
  year      =  2012,
  address   = "New York, NY, USA",
  keywords  = "control, physics-based animation",
  issn      = "0730-0301",
  doi       = "10.1145/2185520.2185539"
}

@INPROCEEDINGS{Mordatch2015-jb,
  title     = "{Ensemble-CIO}: Full-body dynamic motion planning that transfers
               to physical humanoids",
  booktitle = "Intelligent Robots and Systems ({IROS)}, 2015 {IEEE/RSJ}
               International Conference on",
  author    = "Mordatch, I and Lowrey, K and Todorov, E",
  pages     = "5307--5314",
  year      =  2015,
  keywords  = "humanoid robots;legged locomotion;path planning;trajectory
               control;CIO algorithm;Darwin-OP robot;dynamic forward
               walking;ensemble-CIO;full-body dynamic motion planning;humanoid
               robots;physical humanoids;sideways walking;stable
               movements;trajectory optimization method;Computational
               modeling;Dynamics;Legged locomotion;Mathematical
               model;Trajectory;Uncertainty",
  doi       = "10.1109/IROS.2015.7354126"
}

@MISC{Schulman2015-at,
  title  = "{High-Dimensional} Continuous Control Using Generalized Advantage
            Estimation",
  author = "Schulman, John and Moritz, Philipp and Levine, Sergey and Jordan,
            Michael and Abbeel, Pieter",
  year   =  2015,
  file   = "All Papers/S/Schulman et al. 2015 - High-Dimensional Continuous Control Using Generalized Advantage Estimation.pdf",
  eprint = "arXiv:1506.02438"
}

@ARTICLE{Schulman2015-kr,
  title   = "Trust region policy optimization",
  author  = "Schulman, John and Levine, Sergey and Moritz, Philipp and Jordan,
             Michael I and Abbeel, Pieter",
  journal = "CoRR, abs/1502. 05477",
  year    =  2015
}

@ARTICLE{Kakade2001-az,
  title   = "A natural policy gradient",
  author  = "Kakade, S",
  journal = "Advances in neural information processing systems",
  volume  =  14,
  pages   = "1531--1538",
  year    =  2001,
  file    = "All Papers/K/Kakade 2001 - A natural policy gradient.pdf",
  issn    = "1049-5258"
}

@ARTICLE{Levine2016-lw,
  title     = "End--to--end Training of Deep Visuomotor Policies",
  author    = "Levine, Sergey and Finn, Chelsea and Darrell, Trevor and Abbeel,
               Pieter",
  journal   = "Journal of machine learning research: JMLR",
  publisher = "JMLR.org",
  volume    =  17,
  number    =  1,
  pages     = "1334--1373",
  year      =  2016,
  file      = "All Papers/L/Levine et al. 2016 - End-to-end Training of Deep Visuomotor Policies.pdf",
  keywords  = "neural networks, optimal control, reinforcement learning, vision",
  issn      = "1532-4435"
}

@INPROCEEDINGS{Kumar2016-nt,
  title     = "Optimal control with learned local models: Application to
               dexterous manipulation",
  booktitle = "{IEEE} International Conference on Robotics and Automation
               ({ICRA})",
  author    = "Kumar, V and Todorov, E and Levine, S",
  pages     = "378--383",
  month     =  may,
  year      =  2016,
  keywords  = "adaptive control;dexterous manipulators;learning (artificial
               intelligence);linear systems;manipulator dynamics;optimal
               control;time-varying systems;adaptive optimal control;dexterous
               manipulation;intermittent contact dynamics;learned local
               models;model-based reinforcement learning;optimal
               control;pneumatically-actuated tendon-driven 24-DoF
               hand;time-varying linear models;trajectory
               optimization;Adaptation models;Cost function;Gravity;Heuristic
               algorithms;Robots;Trajectory",
  doi       = "10.1109/ICRA.2016.7487156"
}

